<collection xmlns="http://www.loc.gov/MARC21/slim">
<record>
  <leader>01542nam0a2200301 i 450 </leader>
  <controlfield tag="001">IT\ICCU\CNCE\062628</controlfield>
  <controlfield tag="005">20120903000000.0</controlfield>
  <datafield tag="012" ind1=" " ind2=" ">
    <subfield code="a">e.i&amp; E.o. .Ba- G.au (C) 1504 (R)</subfield>
    <subfield code="2">fei</subfield>
  </datafield>
  <datafield tag="100" ind1=" " ind2=" ">
    <subfield code="a">20051129d1504        0itac0103    ba</subfield>
  </datafield>
  <datafield tag="101" ind1=" " ind2=" ">
    <subfield code="a">ITA</subfield>
  </datafield>
  <datafield tag="102" ind1=" " ind2=" ">
    <subfield code="a">IT</subfield>
  </datafield>
  <datafield tag="200" ind1="1" ind2=" ">
    <subfield code="a">Lunare cioe la ragione della Luna o uero Tacchuino perfecto in lingua toschana</subfield>
  </datafield>
  <datafield tag="210" ind1=" " ind2=" ">
    <subfield code="e">Impresso in Firenze</subfield>
    <subfield code="g">ad istantia di ser Piero Pacini</subfield>
    <subfield code="h">1504 a di x. d agosto</subfield>
  </datafield>
  <datafield tag="215" ind1=" " ind2=" ">
    <subfield code="a">\26! c.</subfield>
    <subfield code="c">ill.</subfield>
    <subfield code="d">4ʻ</subfield>
  </datafield>
  <datafield tag="620" ind1=" " ind2=" ">
    <subfield code="a">IT</subfield>
    <subfield code="d">Firenze</subfield>
  </datafield>
  <datafield tag="700" ind1=" " ind2="1">
    <subfield code="a">Granollachs,</subfield>
    <subfield code="b">Bernardo</subfield>
    <subfield code="3">IT\ICCU\CNCA\006238</subfield>
  </datafield>
  <datafield tag="712" ind1="0" ind2="0">
    <subfield code="a">Pacini, Piero</subfield>
    <subfield code="3">IT\ICCU\CNCT\000208</subfield>
    <subfield code="4">650</subfield>
  </datafield>
  <datafield tag="790" ind1=" " ind2="1">
    <subfield code="a">Granollachs,</subfield>
    <subfield code="b">Bernardo : de</subfield>
    <subfield code="3">IT\ICCU\CNCA\020212</subfield>
    <subfield code="z">Granollachs, Bernardo</subfield>
  </datafield>
  <datafield tag="790" ind1=" " ind2="1">
    <subfield code="a">Bernardo,</subfield>
    <subfield code="b">Granolachs : de#Barzelona</subfield>
    <subfield code="3">IT\ICCU\CNCA\022080</subfield>
    <subfield code="z">Granollachs, Bernardo</subfield>
  </datafield>
  <datafield tag="790" ind1=" " ind2="1">
    <subfield code="a">Granollach,</subfield>
    <subfield code="b">Bernardo</subfield>
    <subfield code="3">IT\ICCU\CNCA\022516</subfield>
    <subfield code="z">Granollachs, Bernardo</subfield>
  </datafield>
  <datafield tag="791" ind1="0" ind2="2">
    <subfield code="a">Pietro da Pescia</subfield>
    <subfield code="3">IT\ICCU\CNCT\003082</subfield>
    <subfield code="z">Pacini, Piero</subfield>
  </datafield>
  <datafield tag="791" ind1="0" ind2="0">
    <subfield code="a">Paccinus, Petrus</subfield>
    <subfield code="3">IT\ICCU\CNCT\004015</subfield>
    <subfield code="z">Pacini, Piero</subfield>
  </datafield>
  <datafield tag="791" ind1="0" ind2="0">
    <subfield code="a">Pacinis, Petrus de</subfield>
    <subfield code="3">IT\ICCU\CNCT\005171</subfield>
    <subfield code="z">Pacini, Piero</subfield>
  </datafield>
  <datafield tag="791" ind1="0" ind2="0">
    <subfield code="a">Pacinus, Petrus</subfield>
    <subfield code="3">IT\ICCU\CNCT\005172</subfield>
    <subfield code="z">Pacini, Piero</subfield>
  </datafield>
  <datafield tag="801" ind1=" " ind2="3">
    <subfield code="a">IT</subfield>
    <subfield code="b">ICCU</subfield>
    <subfield code="c">20201115</subfield>
  </datafield>
  <datafield tag="899" ind1=" " ind2=" ">
    <subfield code="a">Biblioteche della Fondazione Giorgio Cini onlus. Venezia</subfield>
    <subfield code="1">VE0239</subfield>
    <subfield code="2">VEA FC</subfield>
  </datafield>
  <datafield tag="911" ind1=" " ind2=" ">
    <subfield code="a">In fine.</subfield>
    <subfield code="9">IT\ICCU\CNCM\002559</subfield>
  </datafield>
  <datafield tag="921" ind1=" " ind2=" ">
    <subfield code="a">IT\ICCU\CNCM\002559</subfield>
    <subfield code="b">Delfino coronato in rettangolo. Di lato in altro rettangolo una colomba in alto e due delfini in basso. Scritta PISCIA e iniziali S.P.</subfield>
    <subfield code="c">U1075</subfield>
    <subfield code="f">DELFINO</subfield>
    <subfield code="f">COLOMBA</subfield>
    <subfield code="f">SP</subfield>
    <subfield code="f">PISCIA</subfield>
    <subfield code="g">1504-[dopo il 1505]</subfield>
  </datafield>
</record>
</collection>
